@INPROCEEDINGS{Wadler89theoremsfor,
    author = {Philip Wadler},
    title = {Theorems for free!},
    booktitle = {FUNCTIONAL PROGRAMMING LANGUAGES AND COMPUTER ARCHITECTURE},
    year = {1989},
    pages = {347--359},
    publisher = {ACM Press}
}

@online{KNuttycombeParametricity,
        title = {LambdaConf 2015 - Parametricity The Essence of Information Hiding Kris Nuttycombe},
        date = {2015},
        organization = {Youtube},
        author = {Kris Nuttycombe},
        url = {https://www.youtube.com/watch?v=v6de5KWFY6M},
    }

@online{TMorrisParametricity,
        title = {YOW! West 2016 Tony Morris - Parametricity, Functional Programming, Types},
        date = {2016},
        organization = {Youtube},
        author = {Tony Morris},
        url = {https://www.youtube.com/watch?v=qBvFsA3dglk},
    }
